@article{hozano2018you,
  title={Are you smelling it? Investigating how similar developers detect code smells},
  author={Hozano, M{\'a}rio and Garcia, Alessandro and Fonseca, Baldoino and Costa, Evandro},
  journal={Information and Software Technology},
  volume={93},
  pages={130--146},
  year={2018},
  publisher={Elsevier}
}

@article{ribeiro2016model,
  title={Model-agnostic interpretability of machine learning},
  author={Ribeiro, Marco Tulio and Singh, Sameer and Guestrin, Carlos},
  journal={arXiv preprint arXiv:1606.05386},
  year={2016}
}

@inproceedings{khomh2009exploratory,
  title={An exploratory study of the impact of code smells on software change-proneness},
  author={Khomh, Foutse and Di Penta, Massimiliano and Gueheneuc, Yann-Gael},
  booktitle={Reverse Engineering, 2009. WCRE'09. 16th Working Conference on},
  pages={75--84},
  year={2009},
  organization={IEEE}
}

@article{khomh2012exploratory,
  title={An exploratory study of the impact of antipatterns on class change-and fault-proneness},
  author={Khomh, Foutse and Di Penta, Massimiliano and Gu{\'e}h{\'e}neuc, Yann-Ga{\"e}l and Antoniol, Giuliano},
  journal={Empirical Software Engineering},
  volume={17},
  number={3},
  pages={243--275},
  year={2012},
  publisher={Springer}
}

@article{khomh2011bdtex,
  title={BDTEX: A GQM-based Bayesian approach for the detection of antipatterns},
  author={Khomh, Foutse and Vaucher, Stephane and Gu{\'e}h{\'e}neuc, Yann-Ga{\"e}l and Sahraoui, Houari},
  journal={Journal of Systems and Software},
  volume={84},
  number={4},
  pages={559--572},
  year={2011},
  publisher={Elsevier}
}

@book{fowler1999refactoring,
  title={Refactoring: improving the design of existing code},
  author={Fowler, Martin and Beck, Kent and Brant, John and Opdyke, William and Roberts, Don},
  year={1999},
  publisher={Addison-Wesley Professional}
}

@inproceedings{fontana2013investigating,
  title={Investigating the impact of code smells on system's quality: An empirical study on systems of different application domains},
  author={Fontana, Francesca Arcelli and Ferme, Vincenzo and Marino, Alessandro and Walter, Bartosz and Martenka, Pawel},
  booktitle={Software Maintenance (ICSM), 2013 29th IEEE International Conference on},
  pages={260--269},
  year={2013},
  organization={IEEE}
}

@inproceedings{oizumi2016code,
  title={Code anomalies flock together: Exploring code anomaly agglomerations for locating design problems},
  author={Oizumi, Willian and Garcia, Alessandro and da Silva Sousa, Leonardo and Cafeo, Bruno and Zhao, Yixue},
  booktitle={Software Engineering (ICSE), 2016 IEEE/ACM 38th International Conference on},
  pages={440--451},
  year={2016},
  organization={IEEE}
}

@inproceedings{abbes2011empirical,
  title={An empirical study of the impact of two antipatterns, blob and spaghetti code, on program comprehension},
  author={Abbes, Marwen and Khomh, Foutse and Gueheneuc, Yann-Gael and Antoniol, Giuliano},
  booktitle={Software maintenance and reengineering (CSMR), 2011 15th European conference on},
  pages={181--190},
  year={2011},
  organization={IEEE}
}

@article{rasool2015review,
  title={A review of code smell mining techniques},
  author={Rasool, Ghulam and Arshad, Zeeshan},
  journal={Journal of Software: Evolution and Process},
  volume={27},
  number={11},
  pages={867--895},
  year={2015},
  publisher={Wiley Online Library}
}

@article{fontana2012automatic,
  title={Automatic detection of bad smells in code: An experimental assessment.},
  author={Fontana, Francesca Arcelli and Braione, Pietro and Zanoni, Marco},
  journal={Journal of Object Technology},
  volume={11},
  number={2},
  pages={5--1},
  year={2012}
}

@article{fontana2016comparing,
  title={Comparing and experimenting machine learning techniques for code smell detection},
  author={Fontana, Francesca Arcelli and M{\"a}ntyl{\"a}, Mika V and Zanoni, Marco and Marino, Alessandro},
  journal={Empirical Software Engineering},
  volume={21},
  number={3},
  pages={1143--1191},
  year={2016},
  publisher={Springer}
}

@inproceedings{marinescu2004detection,
  title={Detection strategies: Metrics-based rules for detecting design flaws},
  author={Marinescu, Radu},
  booktitle={Software Maintenance, 2004. Proceedings. 20th IEEE International Conference on},
  pages={350--359},
  year={2004},
  organization={IEEE}
}

@inproceedings{palomba2018detecting,
  title={Detecting code smells using machine learning techniques: are we there yet?},
  author={Di Nucci, Dario and Palomba, Fabio and Tamburri, Damian A and Serebrenik, Alexander and De Lucia, Andrea},
  booktitle={2018 IEEE 25th International Conference on Software Analysis, Evolution and Reengineering (SANER)},
  pages={612--621},
  year={2018},
  organization={IEEE}
}

@inproceedings{Hozano2017,
abstract = {{\textcopyright}2017 by SCITEPRESS - Science and Technology Publications, Lda. All rights reserved. Code smells indicate poor implementation choices that may hinder the system maintenance. Their detection is important for the software quality improvement, but studies suggest that it should be tailored to the perception of each developer. Therefore, detection techniques must adapt their strategies to the developer's perception. Machine Learning (ML) algorithms is a promising way to customize the smell detection, but there is a lack of studies on their accuracy in detecting smells for different developers. This paper evaluates the use of MLalgorithms on detecting code smells for different developers, considering their individual perception about code smells. We experimentally compared the accuracy of 6 algorithms in detecting 4 code smell types for 40 different developers. For this, we used a detailed dataset containing instances of 4 code smell types manually validated by 40 developers. The results show that ML-Algorithms achieved low accuracies for the developers that participated of our study, showing that are very sensitive to the smell type and the developer. These algorithms are not able to learn with limited training set, an important limitation when dealing with diverse perceptions about code smells.},
author = {Hozano, M{\'{a}}rio and Antunes, Nuno and Fonseca, Baldoino and Costa, Evandro},
booktitle = {Proceedings of the 19th International Conference on Enterprise Information Systems},
doi = {10.5220/0006338804740482},
file = {:C$\backslash$:/Users/chris/AppData/Local/Mendeley Ltd./Mendeley Desktop/Downloaded/Hozano et al. - 2017 - Evaluating the Accuracy of Machine Learning Algorithms on Detecting Code Smells for Different Developers.pdf:pdf},
isbn = {978-989-758-247-9},
mendeley-groups = {machine learning e bad smells},
pages = {474--482},
publisher = {SCITEPRESS - Science and Technology Publications},
title = {{Evaluating the Accuracy of Machine Learning Algorithms on Detecting Code Smells for Different Developers}},
url = {http://www.scitepress.org/DigitalLibrary/Link.aspx?doi=10.5220/0006338804740482},
year = {2017}
}

@inproceedings{maiga2012support,
  title={Support vector machines for anti-pattern detection},
  author={Maiga, Abdou and Ali, Nasir and Bhattacharya, Neelesh and Saban{\'e}, Aminata and Gu{\'e}h{\'e}neuc, Yann-Ga{\"e}l and Antoniol, Giuliano and A{\"\i}meur, Esma},
  booktitle={Automated Software Engineering (ASE), 2012 Proceedings of the 27th IEEE/ACM International Conference on},
  pages={278--281},
  year={2012},
  organization={IEEE}
}

@inproceedings{maiga2012smurf,
  title={SMURF: A SVM-based incremental anti-pattern detection approach},
  author={Maiga, Abdou and Ali, Nasir and Bhattacharya, Neelesh and Sabane, Aminata and Gueheneuc, Yann-Gael and Aimeur, Esma},
  booktitle={Reverse engineering (WCRE), 2012 19th working conference on},
  pages={466--475},
  year={2012},
  organization={IEEE}
}

@article{hara2016making,
  title={Making tree ensembles interpretable},
  author={Hara, Satoshi and Hayashi, Kohei},
  journal={arXiv preprint arXiv:1606.05390},
  year={2016}
}

@inproceedings{fontana2013code,
  title={Code smell detection: Towards a machine learning-based approach},
  author={Fontana, Francesca Arcelli and Zanoni, Marco and Marino, Alessandro and Mantyla, Mika V},
  booktitle={Software Maintenance (ICSM), 2013 29th IEEE International Conference on},
  pages={396--399},
  year={2013},
  organization={IEEE}
}

@inproceedings{palomba2014they,
  title={Do they really smell bad? a study on developers' perception of bad code smells},
  author={Palomba, Fabio and Bavota, Gabriele and Di Penta, Massimiliano and Oliveto, Rocco and De Lucia, Andrea},
  booktitle={2014 IEEE International Conference on Software Maintenance and Evolution},
  pages={101--110},
  year={2014},
  organization={IEEE}
}

@article{taibi2017developers,
  title={How developers perceive smells in source code: A replicated study},
  author={Taibi, Davide and Janes, Andrea and Lenarduzzi, Valentina},
  journal={Information and Software Technology},
  volume={92},
  pages={223--235},
  year={2017},
  publisher={Elsevier}
}

@inproceedings{yamashita2013developers,
  title={Do developers care about code smells? An exploratory survey},
  author={Yamashita, Aiko and Moonen, Leon},
  booktitle={2013 20th Working Conference on Reverse Engineering (WCRE)},
  pages={242--251},
  year={2013},
  organization={IEEE}
}

@article{silva2016does,
  title={Does technical debt lead to the rejection of pull requests?},
  author={Silva, Marcelino Campos Oliveira and Valente, Marco Tulio and Terra, Ricardo},
  journal={arXiv preprint arXiv:1604.01450},
  year={2016}
}

@inproceedings{gousios2015work,
  title={Work practices and challenges in pull-based development: the integrator's perspective},
  author={Gousios, Georgios and Zaidman, Andy and Storey, Margaret-Anne and Van Deursen, Arie},
  booktitle={Proceedings of the 37th International Conference on Software Engineering-Volume 1},
  pages={358--368},
  year={2015},
  organization={IEEE Press}
}

@article{palomba2018diffuseness,
  title={On the diffuseness and the impact on maintainability of code smells: a large scale empirical investigation},
  author={Palomba, Fabio and Bavota, Gabriele and Di Penta, Massimiliano and Fasano, Fausto and Oliveto, Rocco and De Lucia, Andrea},
  journal={Empirical Software Engineering},
  volume={23},
  number={3},
  pages={1188--1221},
  year={2018},
  publisher={Springer}
}

@article{azeem2019machine,
  title={Machine learning techniques for code smell detection: A systematic literature review and meta-analysis},
  author={Azeem, Muhammad Ilyas and Palomba, Fabio and Shi, Lin and Wang, Qing},
  journal={Information and Software Technology},
  year={2019},
  publisher={Elsevier}
}

@book{fenton2014software,
  title={Software metrics: a rigorous and practical approach},
  author={Fenton, Norman and Bieman, James},
  year={2014},
  publisher={CRC press}
}

@book{rokach2008data,
  title={Data mining with decision trees: theory and applications},
  author={Rokach, Lior and Maimon, Oded Z},
  volume={69},
  year={2008},
  publisher={World scientific}
}

@article{guidotti2018survey,
  title={A survey of methods for explaining black box models},
  author={Guidotti, Riccardo and Monreale, Anna and Ruggieri, Salvatore and Turini, Franco and Giannotti, Fosca and Pedreschi, Dino},
  journal={ACM computing surveys (CSUR)},
  volume={51},
  number={5},
  pages={93},
  year={2018},
  publisher={ACM}
}

@article{freitas2014comprehensible,
  title={Comprehensible classification models: a position paper},
  author={Freitas, Alex A},
  journal={ACM SIGKDD explorations newsletter},
  volume={15},
  number={1},
  pages={1--10},
  year={2014},
  publisher={ACM}
}

@article{luvstrek2016makes,
  title={What makes classification trees comprehensible?},
  author={Lu{\v{s}}trek, Mitja and Gams, Matja{\v{z}} and Martin{\v{c}}i{\'c}-Ip{\v{s}}i{\'c}, Sanda and others},
  journal={Expert Systems with Applications},
  volume={62},
  pages={333--346},
  year={2016},
  publisher={Elsevier}
}

@book{baeza1999modern,
  title={Modern information retrieval},
  author={Baeza-Yates, Ricardo and Ribeiro-Neto, Berthier and others},
  volume={463},
  year={1999},
  publisher={ACM press New York}
}

@incollection{box2005statistics,
  title={Statistics for experimenters},
  author={Box, George EP and Hunter, J Stuart and Hunter, William G},
  booktitle={Wiley Series in Probability and Statistics},
  year={2005},
  publisher={Wiley Hoboken, NJ, USA}
}

@article{fleiss1971measuring,
  title={Measuring nominal scale agreement among many raters.},
  author={Fleiss, Joseph L},
  journal={Psychological bulletin},
  volume={76},
  number={5},
  pages={378},
  year={1971},
  publisher={American Psychological Association}
}

@article{landis1977measurement,
  title={The measurement of observer agreement for categorical data},
  author={Landis, J Richard and Koch, Gary G},
  journal={biometrics},
  pages={159--174},
  year={1977},
  publisher={JSTOR}
}

@inproceedings{schumacher2010building,
  title={Building empirical support for automated code smell detection},
  author={Schumacher, Jan and Zazworka, Nico and Shull, Forrest and Seaman, Carolyn and Shaw, Michele},
  booktitle={Proceedings of the 2010 ACM-IEEE International Symposium on Empirical Software Engineering and Measurement},
  pages={1--10},
  year={2010}
}

@article{zhang2011code,
  title={Code bad smells: a review of current knowledge},
  author={Zhang, Min and Hall, Tracy and Baddoo, Nathan},
  journal={Journal of Software Maintenance and Evolution: research and practice},
  volume={23},
  number={3},
  pages={179--202},
  year={2011},
  publisher={Wiley Online Library}
}

@book{grus2019data,
  title={Data science from scratch: first principles with python},
  author={Grus, Joel},
  year={2019},
  publisher={O'Reilly Media}
}

@book{vanderplas2016python,
  title={Python data science handbook: Essential tools for working with data},
  author={VanderPlas, Jake},
  year={2016},
  publisher={" O'Reilly Media, Inc."}
}

@inproceedings{yamashita2013exploring,
  title={Exploring the impact of inter-smell relations on software maintainability: An empirical study},
  author={Yamashita, Aiko and Moonen, Leon},
  booktitle={2013 35th International Conference on Software Engineering (ICSE)},
  pages={682--691},
  year={2013},
  organization={IEEE}
}

@inproceedings{amorim2015experience,
  title={Experience report: Evaluating the effectiveness of decision trees for detecting code smells},
  author={Amorim, Lucas and Costa, Evandro and Antunes, Nuno and Fonseca, Baldoino and Ribeiro, Marcio},
  booktitle={2015 IEEE 26th International Symposium on Software Reliability Engineering (ISSRE)},
  pages={261--269},
  year={2015},
  organization={IEEE}
}

@inproceedings{bacchelli2013expectations,
  title={Expectations, outcomes, and challenges of modern code review},
  author={Bacchelli, Alberto and Bird, Christian},
  booktitle={2013 35th International Conference on Software Engineering (ICSE)},
  pages={712--721},
  year={2013},
  organization={IEEE}
}

@inproceedings{mantyla2005experiment,
  title={An experiment on subjective evolvability evaluation of object-oriented software: explaining factors and interrater agreement},
  author={Mantyla, Mika V},
  booktitle={2005 International Symposium on Empirical Software Engineering, 2005.},
  pages={10--pp},
  year={2005},
  organization={IEEE}
}

@article{mantyla2006subjective,
  title={Subjective evaluation of software evolvability using code smells: An empirical study},
  author={M{\"a}ntyl{\"a}, Mika V and Lassenius, Casper},
  journal={Empirical Software Engineering},
  volume={11},
  number={3},
  pages={395--431},
  year={2006},
  publisher={Springer}
}

@article{nunez2017source,
  title={Source code metrics: A systematic mapping study},
  author={Nu{\~n}ez-Varela, Alberto S and P{\'e}rez-Gonzalez, H{\'e}ctor G and Mart{\'\i}nez-Perez, Francisco E and Soubervielle-Montalvo, Carlos},
  journal={Journal of Systems and Software},
  volume={128},
  pages={164--197},
  year={2017},
  publisher={Elsevier}
}

@book{oppenheim2000questionnaire,
  title={Questionnaire design, interviewing and attitude measurement},
  author={Oppenheim, Abraham Naftali},
  year={2000},
  publisher={Bloomsbury Publishing}
}

@article{seaman1999qualitative,
  title={Qualitative methods in empirical studies of software engineering},
  author={Seaman, Carolyn B.},
  journal={IEEE Transactions on software engineering},
  volume={25},
  number={4},
  pages={557--572},
  year={1999},
  publisher={IEEE}
}